<?xml version="1.0" encoding="UTF-8"?><collection xmlns="http://www.loc.gov/MARC21/slim"><record><leader>00371nam--2200133-i-4500</leader><controlfield tag="001">000040449</controlfield><controlfield tag="002">20161230</controlfield><controlfield tag="005">20161230201042</controlfield><controlfield tag="008">060222s1000------------r-----000-0-eng-d</controlfield><datafield ind1=" " ind2=" " tag="080"><subfield code="a">621.371.38</subfield></datafield><datafield ind1=" " ind2=" " tag="100"><subfield code="a">Ryder, John D</subfield></datafield><datafield ind1=" " ind2=" " tag="245"><subfield code="a">Electronic fundamentals and applications. third edition</subfield></datafield><datafield ind1=" " ind2=" " tag="260"><subfield code="a">London, Sir Isac Pitman And Sons Ltd., 1964, Xv + 603p</subfield></datafield><datafield ind1=" " ind2=" " tag="852"><subfield code="a">76088</subfield></datafield></record></collection>